@book{hola,
    author        = {Michel Goossens and Frank Mittelbach and Alexander Samarin},
    title         = {The \LaTeX\ Companion},
    year          = {1993},
    publisher     = {Addison-Wesley},
    location      = {Reading, Massachusetts}
}
@article{fastandloose,
  author = {Nils Anders Danielsson, John Hughes, Patrik Jansson and Jeremy Gibbons},
  title = {Fast and Loose Reasoning is Morally Correct},
  year = {POPL '06 Conference record of the 33rd ACM SIGPLAN-SIGACT symposium on Principles of programming languages},
  publisher = {2006}
}
